% use `texdoc biblatex` to get help
@article{ho2020denoising,
  title={Denoising diffusion probabilistic models},
  author={Ho, Jonathan and Jain, Ajay and Abbeel, Pieter},
  journal={Advances in neural information processing systems},
  volume={33},
  pages={6840--6851},
  year={2020}
}
@article{brooks2024video,
  title={Video generation models as world simulators},
  author={Brooks, Tim and Peebles, Bill and Holmes, Connor and DePue, Will and Guo, Yufei and Jing, Li and Schnurr, David and Taylor, Joe and Luhman, Troy and Luhman, Eric and others},
  journal={OpenAI Blog},
  volume={1},
  pages={8},
  year={2024}
}
@inproceedings{rombach2022high,
  title={High-resolution image synthesis with latent diffusion models},
  author={Rombach, Robin and Blattmann, Andreas and Lorenz, Dominik and Esser, Patrick and Ommer, Bj{\"o}rn},
  booktitle={Proceedings of the IEEE/CVF conference on computer vision and pattern recognition},
  pages={10684--10695},
  year={2022}
}
@article{dhariwal2021diffusion,
  title={Diffusion models beat gans on image synthesis},
  author={Dhariwal, Prafulla and Nichol, Alexander},
  journal={Advances in neural information processing systems},
  volume={34},
  pages={8780--8794},
  year={2021}
}
@article{lyu2019advances,
  title={Advances in neural information processing systems},
  author={Lyu, He and Sha, Ningyu and Qin, Shuyang and Yan, Ming and Xie, Yuying and Wang, Rongrong},
  journal={Advances in neural information processing systems},
  volume={32},
  year={2019}
}
@article{liu2024difffno,
  title={DiffFNO: Diffusion Fourier Neural Operator},
  author={Liu, Xiaoyi and Tang, Hao},
  journal={arXiv preprint arXiv:2411.09911},
  year={2024}
}
@article{song2020denoising,
  title={Denoising diffusion implicit models},
  author={Song, Jiaming and Meng, Chenlin and Ermon, Stefano},
  journal={arXiv preprint arXiv:2010.02502},
  year={2020}
}
@article{chen2024asyncdiff,
  title={Asyncdiff: Parallelizing diffusion models by asynchronous denoising},
  author={Chen, Zigeng and Ma, Xinyin and Fang, Gongfan and Tan, Zhenxiong and Wang, Xinchao},
  journal={arXiv preprint arXiv:2406.06911},
  year={2024}
}
@inproceedings{li2024distrifusion,
  title={Distrifusion: Distributed parallel inference for high-resolution diffusion models},
  author={Li, Muyang and Cai, Tianle and Cao, Jiaxin and Zhang, Qinsheng and Cai, Han and Bai, Junjie and Jia, Yangqing and Li, Kai and Han, Song},
  booktitle={Proceedings of the IEEE/CVF Conference on Computer Vision and Pattern Recognition},
  pages={7183--7193},
  year={2024}
}
@misc{A100,
	title = {NVIDIA A100 Tensor Core GPU},
	url = { https://www.nvidia.com/en-us/data-center/a100/},

}
@misc{RTX4090,
	title = {GeForce RTX 4090},
	url = { https://www.nvidia.com/en-us/geforce/graphics-cards/40-series/rtx-4090/},

}
@misc{PytorchDistributedDataParallel,
	title = {Pytorch Documentation:Distributed Data Parallel},
	url = { https://pytorch.org/docs/stable/notes/ddp.html},

}
@article{ruhling2023dyffusion,
  title={Dyffusion: A dynamics-informed diffusion model for spatiotemporal forecasting},
  author={R{\"u}hling Cachay, Salva and Zhao, Bo and Joren, Hailey and Yu, Rose},
  journal={Advances in neural information processing systems},
  volume={36},
  pages={45259--45287},
  year={2023}
}
@inproceedings{sohl2015deep,
  title={Deep unsupervised learning using nonequilibrium thermodynamics},
  author={Sohl-Dickstein, Jascha and Weiss, Eric and Maheswaranathan, Niru and Ganguli, Surya},
  booktitle={International conference on machine learning},
  pages={2256--2265},
  year={2015},
  organization={pmlr}
}
@inproceedings{yuan2023spatio,
  title={Spatio-temporal diffusion point processes},
  author={Yuan, Yuan and Ding, Jingtao and Shao, Chenyang and Jin, Depeng and Li, Yong},
  booktitle={Proceedings of the 29th ACM SIGKDD Conference on Knowledge Discovery and Data Mining},
  pages={3173--3184},
  year={2023}
}
@article{peng2023moldiff,
  title={Moldiff: Addressing the atom-bond inconsistency problem in 3d molecule diffusion generation},
  author={Peng, Xingang and Guan, Jiaqi and Liu, Qiang and Ma, Jianzhu},
  journal={arXiv preprint arXiv:2305.07508},
  year={2023}
}
@inproceedings{yang2024cross,
  title={Cross-modal contextualized diffusion models for text-guided visual generation and editing},
  author={Yang, Ling and Zhang, Zhilong and Yu, Zhaochen and Liu, Jingwei and Xu, Minkai and Ermon, Stefano and Cui, Bin},
  booktitle={The Twelfth International Conference on Learning Representations},
  year={2024}
}
@article{Zekri2024LargeLM,
  title={Large Language Models as Markov Chains},
  author={Oussama Zekri and Ambroise Odonnat and Abdelhakim Benechehab and Linus Bleistein and Nicolas Boull'e and Ievgen Redko},
  journal={ArXiv},
  year={2024},
  volume={abs/2410.02724},
  url={https://api.semanticscholar.org/CorpusID:273098678}
}
@article{Ronneberger2015UNetCN,
  title={U-Net: Convolutional Networks for Biomedical Image Segmentation},
  author={Olaf Ronneberger and Philipp Fischer and Thomas Brox},
  journal={ArXiv},
  year={2015},
  volume={abs/1505.04597},
  url={https://api.semanticscholar.org/CorpusID:3719281}
}
@inproceedings{Vaswani2017AttentionIA,
  title={Attention is All you Need},
  author={Ashish Vaswani and Noam M. Shazeer and Niki Parmar and Jakob Uszkoreit and Llion Jones and Aidan N. Gomez and Lukasz Kaiser and Illia Polosukhin},
  booktitle={Neural Information Processing Systems},
  year={2017},
  url={https://api.semanticscholar.org/CorpusID:13756489}
}
@inproceedings{Radford2021LearningTV,
  title={Learning Transferable Visual Models From Natural Language Supervision},
  author={Alec Radford and Jong Wook Kim and Chris Hallacy and Aditya Ramesh and Gabriel Goh and Sandhini Agarwal and Girish Sastry and Amanda Askell and Pamela Mishkin and Jack Clark and Gretchen Krueger and Ilya Sutskever},
  booktitle={International Conference on Machine Learning},
  year={2021},
  url={https://api.semanticscholar.org/CorpusID:231591445}
}
@article{Saharia2022PhotorealisticTD,
  title={Photorealistic Text-to-Image Diffusion Models with Deep Language Understanding},
  author={Chitwan Saharia and William Chan and Saurabh Saxena and Lala Li and Jay Whang and Emily L. Denton and Seyed Kamyar Seyed Ghasemipour and Burcu Karagol Ayan and Seyedeh Sara Mahdavi and Raphael Gontijo Lopes and Tim Salimans and Jonathan Ho and David J. Fleet and Mohammad Norouzi},
  journal={ArXiv},
  year={2022},
  volume={abs/2205.11487},
  url={https://api.semanticscholar.org/CorpusID:248986576}
}
@inproceedings{Kruger2023TheAB,
  title={The African Biophysics Landscape: A Provisional Status Report},
  author={Tjaart Ian Jacobus Kruger and B Trevor Sewell and Lawrence Norris},
  year={2023},
  url={https://api.semanticscholar.org/CorpusID:257767109}
}
@misc{U-Net,
	title = {深入浅出完整解析Stable Diffusion中U-Net的前世今生与核心知识},
	url = { https://zhuanlan.zhihu.com/p/642354007},

}
@misc{Megatron-LM,
	title = {Megatron-LM & Megatron-Core（GPU optimized techniques for training transformer models at-scale）},
	url = { https://github.com/NVIDIA/Megatron-LM},

}
@article{Li2024DistriFusionDP,
  title={DistriFusion: Distributed Parallel Inference for High-Resolution Diffusion Models},
  author={Muyang Li and Tianle Cai and Jiaxin Cao and Qinsheng Zhang and Han Cai and Junjie Bai and Yangqing Jia and Ming-Yu Liu and Kai Li and Song Han},
  journal={2024 IEEE/CVF Conference on Computer Vision and Pattern Recognition (CVPR)},
  year={2024},
  pages={7183-7193},
  url={https://api.semanticscholar.org/CorpusID:268091166}
}
@article{Chen2024AsyncDiffPD,
  title={AsyncDiff: Parallelizing Diffusion Models by Asynchronous Denoising},
  author={Zigeng Chen and Xinyin Ma and Gongfan Fang and Zhenxiong Tan and Xinchao Wang},
  journal={ArXiv},
  year={2024},
  volume={abs/2406.06911},
  url={https://api.semanticscholar.org/CorpusID:270380039}
}
@misc{NVLink,
	title = {NVLink and NVLink Switch},
	url = { https://www.nvidia.com/en-us/data-center/nvlink/},

}
@misc{PCIE,
	title = {What is PCI Express（PCIe）?},
	url = { https://www.synopsys.com/glossary/what-is-pci-express.html},

}

@misc{PyTorchDDP,
	title = {PyTorch DDP 与 Ring-AllReduce},
	url = { https://cloud.tencent.cn/developer/article/2306663},

}
@misc{All-Reduce-system,
	title = {分布式训练中All-Reduce、All-Gather、Reduce-Scatter原理介绍},
	url = { https://zhuanlan.zhihu.com/p/17201336684},

}
@misc{torch.distributed,
	title = {Distributed communication package - torch.distributed},
	url = { https://pytorch.org/docs/stable/distributed.html},

}
@article{Heusel2017GANsTB,
  title={GANs Trained by a Two Time-Scale Update Rule Converge to a Nash Equilibrium},
  author={Martin Heusel and Hubert Ramsauer and Thomas Unterthiner and Bernhard Nessler and G{\"u}nter Klambauer and Sepp Hochreiter},
  journal={ArXiv},
  year={2017},
  volume={abs/1706.08500},
  url={https://api.semanticscholar.org/CorpusID:231697514}
}
@article{Wang2019SpatialAS,
  title={Spatial Attentive Single-Image Deraining With a High Quality Real Rain Dataset},
  author={Tianyu Wang and Xin Yang and Ke Xu and Shaozhe Chen and Qiang Zhang and Rynson W. H. Lau},
  journal={2019 IEEE/CVF Conference on Computer Vision and Pattern Recognition (CVPR)},
  year={2019},
  pages={12262-12271},
  url={https://api.semanticscholar.org/CorpusID:91184545}
}
@article{Zhang2018TheUE,
  title={The Unreasonable Effectiveness of Deep Features as a Perceptual Metric},
  author={Richard Zhang and Phillip Isola and Alexei A. Efros and Eli Shechtman and Oliver Wang},
  journal={2018 IEEE/CVF Conference on Computer Vision and Pattern Recognition},
  year={2018},
  pages={586-595},
  url={https://api.semanticscholar.org/CorpusID:4766599}
}

@misc{Distance,
	title = {Distance Metrics in Vector Search},
	url = { https://weaviate.io/blog/distance-metrics-in-vector-search},

}
@misc{CosineSimilarity,
	title = {CosineSimilarity},
	url = { https://pytorch.org/docs/stable/generated/torch.nn.CosineSimilarity.html},

}
@article{Li2023SnapFusionTD,
  title={SnapFusion: Text-to-Image Diffusion Model on Mobile Devices within Two Seconds},
  author={Yanyu Li and Huan Wang and Qing Jin and Ju Hu and Pavlo Chemerys and Yun Fu and Yanzhi Wang and S. Tulyakov and Jian Ren},
  journal={ArXiv},
  year={2023},
  volume={abs/2306.00980},
  url={https://api.semanticscholar.org/CorpusID:258999690}
}
@article{Ma2023DeepCacheAD,
  title={DeepCache: Accelerating Diffusion Models for Free},
  author={Xinyin Ma and Gongfan Fang and Xinchao Wang},
  journal={2024 IEEE/CVF Conference on Computer Vision and Pattern Recognition (CVPR)},
  year={2023},
  pages={15762-15772},
  url={https://api.semanticscholar.org/CorpusID:265609065}
}

@article{Liu2024TowardsUC,
  title={Towards Understanding Cross and Self-Attention in Stable Diffusion for Text-Guided Image Editing},
  author={Bingyan Liu and Chengyu Wang and Tingfeng Cao and Kui Jia and Jun Huang},
  journal={2024 IEEE/CVF Conference on Computer Vision and Pattern Recognition (CVPR)},
  year={2024},
  pages={7817-7826},
  url={https://api.semanticscholar.org/CorpusID:268253430}
}
@article{Shoeybi2019MegatronLMTM,
  title={Megatron-LM: Training Multi-Billion Parameter Language Models Using Model Parallelism},
  author={Mohammad Shoeybi and Mostofa Patwary and Raul Puri and Patrick LeGresley and Jared Casper and Bryan Catanzaro},
  journal={ArXiv},
  year={2019},
  volume={abs/1909.08053},
  url={https://api.semanticscholar.org/CorpusID:202660670}
}

@article{salimans2022progressive,
  title={Progressive distillation for fast sampling of diffusion models},
  author={Salimans, Tim and Ho, Jonathan},
  journal={arXiv preprint arXiv:2202.00512},
  year={2022}
}
@inproceedings{Zhang2024FasterDV,
  title={Faster Diffusion via Temporal Attention Decomposition},
  author={Wentian Zhang and Haozhe Liu and Jinheng Xie and Francesco Faccio and Mike Zheng Shou and J{\"u}rgen Schmidhuber},
  year={2024},
  url={https://api.semanticscholar.org/CorpusID:268876325}
}
@article{Cao2022ASO,
  title={A Survey on Generative Diffusion Models},
  author={Hanqun Cao and Cheng Tan and Zhangyang Gao and Yilun Xu and Guangyong Chen and Pheng-Ann Heng and Stan Z. Li},
  journal={IEEE Transactions on Knowledge and Data Engineering},
  year={2022},
  volume={36},
  pages={2814-2830},
  url={https://api.semanticscholar.org/CorpusID:265039918}
}
@article{Liu2021AutoFreezeAF,
  title={AutoFreeze: Automatically Freezing Model Blocks to Accelerate Fine-tuning},
  author={Yuhan Liu and Saurabh Agarwal and Shivaram Venkataraman},
  journal={ArXiv},
  year={2021},
  volume={abs/2102.01386},
  url={https://api.semanticscholar.org/CorpusID:231749529}
}
@article{Chen2015MicrosoftCC,
  title={Microsoft COCO Captions: Data Collection and Evaluation Server},
  author={Xinlei Chen and Hao Fang and Tsung-Yi Lin and Ramakrishna Vedantam and Saurabh Gupta and Piotr Doll{\'a}r and C. Lawrence Zitnick},
  journal={ArXiv},
  year={2015},
  volume={abs/1504.00325},
  url={https://api.semanticscholar.org/CorpusID:2210455}
}
@article{Podell2023SDXLIL,
  title={SDXL: Improving Latent Diffusion Models for High-Resolution Image Synthesis},
  author={Dustin Podell and Zion English and Kyle Lacey and A. Blattmann and Tim Dockhorn and Jonas Muller and Joe Penna and Robin Rombach},
  journal={ArXiv},
  year={2023},
  volume={abs/2307.01952},
  url={https://api.semanticscholar.org/CorpusID:259341735}
}

@misc{IntelXeonGold,
	title = {Intel Xeon Gold 6130 Processor},
	url = { https://www.intel.com/content/www/us/en/products/sku/120492/intel-xeon-gold-6130-processor-22m-cache-2-10-ghz/specifications.html},

}
@misc{PyTorch2.4,
	title = {PyTorch 2.4 Release Blog},
	url = {https://pytorch.org/blog/pytorch2-4/ }
}
@misc{huggingface,
	title = {huggingface diffusers},
	url = {https://github.com/huggingface/diffusers }
}

@article{Ouyang2020CommunicationOS,
  title={Communication Optimization Strategies for Distributed Deep Learning: A Survey},
  author={Shuo Ouyang and Dezun Dong and Yemao Xu and Liquan Xiao},
  journal={ArXiv},
  year={2020},
  volume={abs/2003.03009},
  url={https://api.semanticscholar.org/CorpusID:212628281}
}

@misc{ceshizhibiao,
	title = {Stabel Diffusion、GAN等图像生成模型的普遍评测方法},
	url = { https://zhuanlan.zhihu.com/p/652344859},
}